<?xml version="1.0" encoding="UTF-8"?><collection xmlns="http://www.loc.gov/MARC21/slim"><record><leader>00403nam--2200133-i-4500</leader><controlfield tag="001">000040800</controlfield><controlfield tag="002">20161230</controlfield><controlfield tag="005">20161230201042</controlfield><controlfield tag="008">060222s1000------------r-----000-0-eng-d</controlfield><datafield ind1=" " ind2=" " tag="080"><subfield code="a">550.34</subfield></datafield><datafield ind1=" " ind2=" " tag="100"><subfield code="a">Schwab,P.Franz</subfield></datafield><datafield ind1=" " ind2=" " tag="245"><subfield code="a">Erdbeben-beobachtungen in kremsmunster 1904-1907. 33 p</subfield></datafield><datafield ind1=" " ind2=" " tag="260"><subfield code="a">Francisco-carolinium,Separatabdruck Aus Dem Jahresberichte Des Vereines Museum, 1908. 33 P</subfield></datafield><datafield ind1=" " ind2=" " tag="852"><subfield code="a">47945</subfield></datafield></record></collection>